
	<marc:record>
		<marc:leader>01159a   a2200181   4500</marc:leader>
		<marc:controlfield tag="001">x42</marc:controlfield>
		<marc:datafield ind1="1" ind2=" " tag="041">
			<marc:subfield code="a">English</marc:subfield>
		</marc:datafield>
		<marc:datafield ind1="0" ind2=" " tag="100">
			<marc:subfield code="a">Crawford-Mason, Clare</marc:subfield>
			<marc:subfield code="4">edt</marc:subfield>
		</marc:datafield>
		<marc:datafield ind1="0" ind2="0" tag="245">
			<marc:subfield code="a">A study in continual improvement</marc:subfield>
			<marc:subfield code="h">Video</marc:subfield>
			<marc:subfield code="b">Part 2</marc:subfield>
			<marc:subfield code="c">Clare Crawford-Mason; W. Edwards Deming; loyd Dobyns</marc:subfield>
		</marc:datafield>
		<marc:datafield ind1="3" ind2=" " tag="260">
			<marc:subfield code="a">Chicago, Ill. : (Films Incorporated)</marc:subfield>
			<marc:subfield code="c">1995, cop. 1995</marc:subfield>
		</marc:datafield>
		<marc:datafield ind1=" " ind2=" " tag="300">
			<marc:subfield code="a">1 videocassette (27 min)</marc:subfield>
			<marc:subfield code="b">PAL</marc:subfield>
		</marc:datafield>
		<marc:datafield ind1="0" ind2=" " tag="490">
			<marc:subfield code="a">The Deming library</marc:subfield>
		</marc:datafield>
		<marc:datafield ind1="0" ind2=" " tag="520">
			<marc:subfield code="a">This two-part video program takes a look at the quality transformation under way at Virginia's Reston Hospital Center. You will discover ; how an understanding of systems, variation, psychology, and the theory of knowledge underpins the transformation of American business; ; the need for organizations to change to a process view; why all participants in the system, from top management to the front line, must be involved in transforming the organization; ; how Reston Hospital Center began and continues its transformation through the application of Continual Quality Improvement.</marc:subfield>
		</marc:datafield>
		<marc:datafield ind1="0" ind2="4" tag="650">
			<marc:subfield code="a">Hospitals</marc:subfield>
		</marc:datafield>
		<marc:datafield ind1="0" ind2="4" tag="650">
			<marc:subfield code="a">Total Quality Management</marc:subfield>
		</marc:datafield>
		<marc:datafield ind1=" " ind2="4" tag="651">
			<marc:subfield code="a">Virginia</marc:subfield>
		</marc:datafield>
		<marc:datafield ind1="0" ind2=" " tag="700">
			<marc:subfield code="a">Dobyns, Lloyd</marc:subfield>
			<marc:subfield code="4">nrt</marc:subfield>
		</marc:datafield>
		<marc:datafield ind1="0" ind2=" " tag="700">
			<marc:subfield code="a">Deming, William Edwards</marc:subfield>
			<marc:subfield code="4">clb</marc:subfield>
		</marc:datafield>
	</marc:record>