
	<marc:record>
		<marc:leader>00492a   a2200145   4500</marc:leader>
		<marc:controlfield tag="001">x17</marc:controlfield>
		<marc:datafield ind1=" " ind2=" " tag="020">
			<marc:subfield code="a">9782091638676</marc:subfield>
		</marc:datafield>
		<marc:datafield ind1="1" ind2=" " tag="100">
			<marc:subfield code="a">Barbe-Dandon, Odile</marc:subfield>
			<marc:subfield code="4">aut</marc:subfield>
			<marc:subfield code="4">pbd</marc:subfield>
		</marc:datafield>
		<marc:datafield ind1="1" ind2="0" tag="245">
			<marc:subfield code="a">DCG epreuve 10</marc:subfield>
			<marc:subfield code="b">comptabilite approfondie; corriges des applications</marc:subfield>
			<marc:subfield code="b">corriges des applications</marc:subfield>
			<marc:subfield code="c">Odile Barbe; Laurent Didelot; Laurence Cassio</marc:subfield>
		</marc:datafield>
		<marc:datafield ind1=" " ind2=" " tag="250">
			<marc:subfield code="a">2015-2016</marc:subfield>
		</marc:datafield>
		<marc:datafield ind1="3" ind2=" " tag="260">
			<marc:subfield code="a">Paris</marc:subfield>
			<marc:subfield code="b">Nathan</marc:subfield>
			<marc:subfield code="b">Groupe Revue fiduciaire</marc:subfield>
			<marc:subfield code="c">2015, cop. 2015</marc:subfield>
		</marc:datafield>
		<marc:datafield ind1=" " ind2=" " tag="300">
			<marc:subfield code="a">1 volume (271 pages)</marc:subfield>
			<marc:subfield code="c">24 cm</marc:subfield>
		</marc:datafield>
		<marc:datafield ind1="0" ind2=" " tag="490">
			<marc:subfield code="a">DCG</marc:subfield>
		</marc:datafield>
		<marc:datafield ind1="1" ind2=" " tag="700">
			<marc:subfield code="a">Didelot, Laurent</marc:subfield>
			<marc:subfield code="4">aut</marc:subfield>
			<marc:subfield code="4">pbd</marc:subfield>
		</marc:datafield>
		<marc:datafield ind1="1" ind2=" " tag="700">
			<marc:subfield code="a">Cassio, Laurence</marc:subfield>
			<marc:subfield code="4">aut</marc:subfield>
		</marc:datafield>
	</marc:record>