
	<marc:record>
		<marc:leader>01224a   a2200217   4500</marc:leader>
		<marc:controlfield tag="001">x33</marc:controlfield>
		<marc:datafield ind1="1" ind2=" " tag="041">
			<marc:subfield code="a">English</marc:subfield>
		</marc:datafield>
		<marc:datafield ind1="0" ind2=" " tag="100">
			<marc:subfield code="a">Wenzel, Richard P.</marc:subfield>
			<marc:subfield code="4">pbd</marc:subfield>
		</marc:datafield>
		<marc:datafield ind1="0" ind2="0" tag="240">
			<marc:subfield code="a">Infection control and hospital epidemiology</marc:subfield>
		</marc:datafield>
		<marc:datafield ind1="1" ind2="0" tag="245">
			<marc:subfield code="a">Infection control and hospital epidemiology</marc:subfield>
			<marc:subfield code="b">An official journal of the Society of Hospital Epidemiologists of America</marc:subfield>
			<marc:subfield code="c">Richard P. Wenzel; Barry Farr</marc:subfield>
		</marc:datafield>
		<marc:datafield ind1="0" ind2="3" tag="246">
			<marc:subfield code="a">Official journal of The SHEA</marc:subfield>
		</marc:datafield>
		<marc:datafield ind1="0" ind2="3" tag="246">
			<marc:subfield code="a">ICHE</marc:subfield>
		</marc:datafield>
		<marc:datafield ind1="3" ind2=" " tag="260">
			<marc:subfield code="a">Thorofare, NJ</marc:subfield>
			<marc:subfield code="b">SLACK Inc.</marc:subfield>
			<marc:subfield code="c">1988-</marc:subfield>
		</marc:datafield>
		<marc:datafield ind1="3" ind2=" " tag="260">
			<marc:subfield code="a">Chicago, IL</marc:subfield>
			<marc:subfield code="b">University of Chicago Press</marc:subfield>
			<marc:subfield code="c">2006-</marc:subfield>
		</marc:datafield>
		<marc:datafield ind1=" " ind2=" " tag="310">
			<marc:subfield code="a">Monthly</marc:subfield>
		</marc:datafield>
		<marc:datafield ind1="0" ind2=" " tag="362">
			<marc:subfield code="a">Volume 9, number 1 (January 1988)-</marc:subfield>
		</marc:datafield>
		<marc:datafield ind1=" " ind2=" " tag="500">
			<marc:subfield code="a">Published by University chicago press in 2006</marc:subfield>
		</marc:datafield>
		<marc:datafield ind1="0" ind2=" " tag="520">
			<marc:subfield code="a">Infection Control and Hospital Epidemiology provides original, peer-reviewed scientific articles for anyone involved with an infection control or epidemiology program in a hospital or healthcare facility. Written by infection control practitioners and epidemiologists and guided by an editorial board composed of the nation's leaders in the field, ICHE provides a critical forum for this vital information. </marc:subfield>
		</marc:datafield>
		<marc:datafield ind1="0" ind2=" " tag="700">
			<marc:subfield code="a">Farr, Barry</marc:subfield>
			<marc:subfield code="4">pbd</marc:subfield>
		</marc:datafield>
		<marc:datafield ind1="0" ind2="0" tag="710">
			<marc:subfield code="a">Society of Hospital Epidemiologists of America</marc:subfield>
			<marc:subfield code="4">edt</marc:subfield>
		</marc:datafield>
		<marc:datafield ind1="0" ind2="0" tag="780">
			<marc:subfield code="w">tauth-019</marc:subfield>
			<marc:subfield code="t">Infection control</marc:subfield>
		</marc:datafield>
	</marc:record>