
	<marc:record>
		<marc:leader>00291a   a2200121   4500</marc:leader>
		<marc:controlfield tag="001">x34</marc:controlfield>
		<marc:datafield ind1="0" ind2=" " tag="022">
			<marc:subfield code="a">0195-9417</marc:subfield>
			<marc:subfield code="b">1</marc:subfield>
		</marc:datafield>
		<marc:datafield ind1="1" ind2=" " tag="041">
			<marc:subfield code="a">English</marc:subfield>
		</marc:datafield>
		<marc:datafield ind1="0" ind2="0" tag="240">
			<marc:subfield code="a">Infection control</marc:subfield>
		</marc:datafield>
		<marc:datafield ind1="1" ind2="0" tag="245">
			<marc:subfield code="a">Infection control</marc:subfield>
		</marc:datafield>
		<marc:datafield ind1="3" ind2=" " tag="260">
			<marc:subfield code="a">Thorofare, NJ</marc:subfield>
			<marc:subfield code="b">SLACK Inc.</marc:subfield>
			<marc:subfield code="c">1980-1987</marc:subfield>
		</marc:datafield>
		<marc:datafield ind1=" " ind2=" " tag="310">
			<marc:subfield code="a">Monthly</marc:subfield>
		</marc:datafield>
	</marc:record>
</marc:collection>